<marc:record xmlns:marc="http://www.loc.gov/MARC21/slim"><marc:leader>00708nam a22001570a 45 0</marc:leader><marc:controlfield tag="001">306750</marc:controlfield><marc:controlfield tag="003">NL-AMISG</marc:controlfield><marc:controlfield tag="005">19950210234845.0</marc:controlfield><marc:controlfield tag="008">199502suuuuuuuu||||||||||||||||||||||| d</marc:controlfield><marc:datafield ind1=" " ind2=" " tag="035"><marc:subfield code="a">(IISG)IISGb10058510</marc:subfield></marc:datafield><marc:datafield ind1=" " ind2=" " tag="040"><marc:subfield code="a">NL-AmISG</marc:subfield></marc:datafield><marc:datafield ind1="1" ind2=" " tag="100"><marc:subfield code="a">Arx, Alexandre von.</marc:subfield></marc:datafield><marc:datafield ind1="1" ind2="2" tag="245"><marc:subfield code="a">L'évolution politique en Indonésie de 1900 à 1942.</marc:subfield></marc:datafield><marc:datafield ind1=" " ind2=" " tag="260"><marc:subfield code="a">Fribourg,</marc:subfield><marc:subfield code="c">1949.</marc:subfield></marc:datafield><marc:datafield ind1=" " ind2=" " tag="300"><marc:subfield code="a">357 p.</marc:subfield></marc:datafield><marc:datafield ind1=" " ind2=" " tag="500"><marc:subfield code="a">Avec bibliogr. Thèse Fribourg.</marc:subfield></marc:datafield><marc:datafield ind1=" " ind2=" " tag="690"><marc:subfield code="a">Az 135</marc:subfield><marc:subfield code="b">Asia; Central, South, and South East Asia; Indonesia; Dutch colonial rule, 1910 - 1942; constitutional relations; general surveys, ethical colonial policy</marc:subfield><marc:subfield code="c">Azië; Centraal-, Zuid- en Zuidoost-Azië; Indonesië; de Nederlands-Indische samenleving, 1910-1942; staatkundige verhoudingen; algemene beschouwingen, ethiek - anti-ethiek.</marc:subfield></marc:datafield><marc:datafield ind1=" " ind2=" " tag="852"><marc:subfield code="a">IISG</marc:subfield><marc:subfield code="b">IISG</marc:subfield><marc:subfield code="c">IISG</marc:subfield><marc:subfield code="j">75/179</marc:subfield><marc:subfield code="p">N10057881</marc:subfield></marc:datafield><marc:datafield ind1=" " ind2=" " tag="901"><marc:subfield code="a">306750</marc:subfield><marc:subfield code="b">Unknown</marc:subfield><marc:subfield code="c">306750</marc:subfield><marc:subfield code="t">biblio</marc:subfield></marc:datafield><marc:datafield ind1=" " ind2=" " tag="902"><marc:subfield code="a">10622/EB39E749-F4DF-4F17-BF00-595A4FE13718</marc:subfield></marc:datafield></marc:record>